@online{openssl-documentation,
	url={https://www.openssl.org/docs/man3.2/man3/EVP_EncryptInit_ex.html}
}

@online{arstechnica-article,
	url={https://arstechnica.com/information-technology/2022/08/sike-once-a-post-quantum-encryption-contender-is-koed-in-nist-smackdown/}
}

@misc{cryptoeprint:2022/975,
      author = {Wouter Castryck and Thomas Decru},
      title = {An efficient key recovery attack on SIDH},
      howpublished = {Cryptology ePrint Archive, Paper 2022/975},
      year = {2022},
      note = {\url{https://eprint.iacr.org/2022/975}},
      url = {https://eprint.iacr.org/2022/975}
}

@online{pqc-standardization,
  url={https://csrc.nist.gov/Projects/post-quantum-cryptography/post-quantum-cryptography-standardization}
}

@online{rosenpass,
  url={https://rosenpass.eu/whitepaper.pdf}
}

@online{wireguard,
  url={https://www.ndss-symposium.org/ndss2017/ndss-2017-programme/wireguard-next-generation-kernel-network-tunnel/}
}

@misc{cryptoeprint:2022/1225,
      author = {Diana Ghinea and Fabian Kaczmarczyck and Jennifer Pullman and Julien Cretin and Stefan Kölbl and Rafael Misoczki and Jean-Michel Picod and Luca Invernizzi and Elie Bursztein},
      title = {Hybrid Post-Quantum Signatures in Hardware Security Keys},
      howpublished = {Cryptology ePrint Archive, Paper 2022/1225},
      year = {2022},
      note = {\url{https://eprint.iacr.org/2022/1225}},
      url = {https://eprint.iacr.org/2022/1225}
}

@misc{cryptoeprint:2016/1017,
      author = {Douglas Stebila and Michele Mosca},
      title = {Post-Quantum Key Exchange for the Internet and the Open Quantum Safe Project},
      howpublished = {Cryptology ePrint Archive, Paper 2016/1017},
      year = {2016},
      note = {\url{https://eprint.iacr.org/2016/1017}},
      url = {https://eprint.iacr.org/2016/1017}
}

@misc{cryptoeprint:2020/379,
      author = {Andreas Hülsing and Kai-Chun Ning and Peter Schwabe and Fiona Johanna Weber and Philip R.  Zimmermann},
      title = {Post-quantum WireGuard},
      howpublished = {Cryptology ePrint Archive, Paper 2020/379},
      year = {2020},
      note = {\url{https://eprint.iacr.org/2020/379}},
      url = {https://eprint.iacr.org/2020/379}
}
